<?xml version="1.0" encoding="UTF-8"?><record xmlns="http://www.loc.gov/MARC21/slim" xmlns:cinclude="http://apache.org/cocoon/include/1.0" xmlns:zs="http://www.loc.gov/zing/srw/">
  <leader>00439nz  a2200121n  4500</leader>
  <controlfield tag="001">nr2006004259</controlfield>
  <controlfield tag="003">DLC</controlfield>
  <controlfield tag="005">20060309033119.0</controlfield>
  <controlfield tag="008">060220n| acannaabn          |n aaa     c</controlfield>
  <datafield tag="010" ind1=" " ind2=" ">
    <subfield code="a">nr2006004259</subfield>
  </datafield>
  <datafield tag="040" ind1=" " ind2=" ">
    <subfield code="a">UPB</subfield>
    <subfield code="b">eng</subfield>
    <subfield code="c">UPB</subfield>
  </datafield>
  <datafield tag="100" ind1="1" ind2=" ">
    <subfield code="a">Larson, Jeanne Hebert</subfield>
  </datafield>
  <datafield tag="670" ind1=" " ind2=" ">
    <subfield code="a">A revised checklist of the plants of the San Joaquin Experimental Range, 1985:</subfield>
    <subfield code="b">t.p. (Jeanne Hebert Larson, Range Conservationist, USDA; Dicrctor, Discovery Center, Fresno, CA)</subfield>
  </datafield>
</record>